:20:STARTUMS
:25:NL91ABNA0417164300
:28C:1/1
:60F:C240115EUR1000,00
:61:2401150115D125,50NMSCNONREF//TXN001
:86:Payment for invoice INV-2024-001 office supplies
:61:2401160116D89,20NMSCNONREF//TXN002
:86:Monthly subscription Software License INV-2024-002
:61:2401170117D456,78NMSCNONREF//TXN003
:86:Equipment purchase ref: INV-2024-003 hardware
:61:2401180118D25,00NMSCNONREF//TXN004
:86:Coffee supplies monthly delivery
:61:2401200120D150,00NMSCNONREF//TXN005
:86:Office rent payment INV-2024-005
:61:2401220122D320,45NMSCNONREF//TXN006
:86:Marketing services invoice INV-2024-007
:61:2401250125D75,30NMSCNONREF//TXN007
:86:Utility bill electricity Jan 2024
:61:2401260126C1500,00NMSCNONREF//TXN008
:86:Customer payment received - thank you
:62F:C240126EUR372,77
:64:C240126EUR372,77