ABNANL2A
940
ABNANL2A
:20:MATCHED TRANSACTIONS
:25:438661141
:28:2507/1
:60F:C250407EUR0,00
:61:250407250407D177,29N249INC25015736
:86:/TRTP/SEPA INCASSO BEDRIJVEN DOORLOPEND/NAME/ROYAL CANIN NEDERLAND B./REMI/SIP25024251/IBAN/NL11RABO0154634638/EREF/INC25015736
:61:250407250407D89,36N249INC25015694
:86:/TRTP/SEPA INCASSO BEDRIJVEN DOORLOPEND/NAME/ROYAL CANIN NEDERLAND B./REMI/SIP25023473/IBAN/NL11RABO0154634638/EREF/INC25015694
:61:250407250407D32,32N249INC25015740
:86:/TRTP/SEPA INCASSO BEDRIJVEN DOORLOPEND/NAME/ROYAL CANIN NEDERLAND B./REMI/SIP25024327/IBAN/NL11RABO0154634638/EREF/INC25015740
:62F:D250407EUR298,97