ABNANL2A
940
ABNANL2A
:20:ABN AMRO BANK NV
:25:438661141
:28:9701/1
:60F:C250406EUR32751,57
:61:2504050405C2461,61N656NONREF
:86:/TRTP/SEPA OVERBOEKING/IBAN/NL54ABNA0242365728/BIC/ABNANL2A/NAME/
THIRD PARTY FUNDS EMS/REMI/MERCHANT ID 38122506 CURRENCY EUR;POST
ING DD 04042025 TOT TRX 46;GROSS 2461.61 TOT CHARG 0.00 VAT 0.00
/EREF/51377854067
:61:2504070407D7958,97N247NONREF
:86:/TRTP/SEPA INCASSO ALGEMEEN DOORLOPEND/CSID/NL15ZZZ160449780000
/NAME/COVETRUS BV/MARF/000000001728/REMI/NR.7100027070/29.3.2025N
R.7100027071/29.3.2025NR.9100165734/29.3.2025/IBAN/NL43INGB065114
6860/BIC/INGBNL2A/EREF/2000020179
:61:2504070407D177,29N249NONREF
:86:/TRTP/SEPA INCASSO BEDRIJVEN DOORLOPEND/CSID/NL29ZZZ160401000000
/NAME/ROYAL CANIN NEDERLAND B./MARF/191265/REMI/SIP25024251/IBAN/
NL11RABO0154634638/BIC/RABONL2U/EREF/INC25015736
:61:2504070407D89,36N249NONREF
:86:/TRTP/SEPA INCASSO BEDRIJVEN DOORLOPEND/CSID/NL29ZZZ160401000000
/NAME/ROYAL CANIN NEDERLAND B./MARF/191265/REMI/SIP25023473/IBAN/
NL11RABO0154634638/BIC/RABONL2U/EREF/INC25015694
:61:2504070407D32,32N249NONREF
:86:/TRTP/SEPA INCASSO BEDRIJVEN DOORLOPEND/CSID/NL29ZZZ160401000000
/NAME/ROYAL CANIN NEDERLAND B./MARF/191265/REMI/SIP25024327/IBAN/
NL11RABO0154634638/BIC/RABONL2U/EREF/INC25015740
:61:2504070407D40,2N249NONREF
:86:/TRTP/SEPA INCASSO BEDRIJVEN DOORLOPEND/CSID/NL29ZZZ160401000000
/NAME/ROYAL CANIN NEDERLAND B./MARF/191265/REMI/SIP25024343/IBAN/
NL11RABO0154634638/BIC/RABONL2U/EREF/INC25015746
:61:2504070407D234,56N249NONREF
:86:/TRTP/SEPA INCASSO BEDRIJVEN DOORLOPEND/CSID/NL29ZZZ160401000000
/NAME/ROYAL CANIN NEDERLAND B./MARF/191265/REMI/SIP25023482/IBAN/
NL11RABO0154634638/BIC/RABONL2U/EREF/INC25015702
:61:2504070407D76,17N249NONREF
:86:/TRTP/SEPA INCASSO BEDRIJVEN DOORLOPEND/CSID/NL29ZZZ160401000000
/NAME/ROYAL CANIN NEDERLAND B./MARF/191265/REMI/SIP25023725/IBAN/
NL11RABO0154634638/BIC/RABONL2U/EREF/INC25015723
:61:2504070407D693,45N249NONREF
:86:/TRTP/SEPA INCASSO BEDRIJVEN DOORLOPEND/CSID/NL29ZZZ160401000000
/NAME/ROYAL CANIN NEDERLAND B./MARF/191265/REMI/SIP25023764/IBAN/
NL11RABO0154634638/BIC/RABONL2U/EREF/INC25015731
:61:2504070407D176,85N249NONREF
:86:/TRTP/SEPA INCASSO BEDRIJVEN DOORLOPEND/CSID/NL29ZZZ160401000000
/NAME/ROYAL CANIN NEDERLAND B./MARF/191265/REMI/SIP25023503/IBAN/
NL11RABO0154634638/BIC/RABONL2U/EREF/INC25015703
:61:2504070407D101,52N249NONREF
:86:/TRTP/SEPA INCASSO BEDRIJVEN DOORLOPEND/CSID/NL29ZZZ160401000000
/NAME/ROYAL CANIN NEDERLAND B./MARF/191265/REMI/SIP25024348/IBAN/
NL11RABO0154634638/BIC/RABONL2U/EREF/INC25015749
:61:2504070407D146,35N249NONREF
:86:/TRTP/SEPA INCASSO BEDRIJVEN DOORLOPEND/CSID/NL29ZZZ160401000000
/NAME/ROYAL CANIN NEDERLAND B./MARF/191265/REMI/SIP25023474/IBAN/
NL11RABO0154634638/BIC/RABONL2U/EREF/INC25015695
:61:2504070407D179,79N249NONREF
:86:/TRTP/SEPA INCASSO BEDRIJVEN DOORLOPEND/CSID/NL29ZZZ160401000000
/NAME/ROYAL CANIN NEDERLAND B./MARF/191265/REMI/SIP25023677/IBAN/
NL11RABO0154634638/BIC/RABONL2U/EREF/INC25015708
:61:2504070407D96,38N249NONREF
:86:/TRTP/SEPA INCASSO BEDRIJVEN DOORLOPEND/CSID/NL29ZZZ160401000000
/NAME/ROYAL CANIN NEDERLAND B./MARF/191265/REMI/SIP25024347/IBAN/
NL11RABO0154634638/BIC/RABONL2U/EREF/INC25015748
:61:2504070407D32,61N249NONREF
:86:/TRTP/SEPA INCASSO BEDRIJVEN DOORLOPEND/CSID/NL29ZZZ160401000000
/NAME/ROYAL CANIN NEDERLAND B./MARF/191265/REMI/SIP25023480/IBAN/
NL11RABO0154634638/BIC/RABONL2U/EREF/INC25015700
:61:2504070407D339,53N249NONREF
:86:/TRTP/SEPA INCASSO BEDRIJVEN DOORLOPEND/CSID/NL29ZZZ160401000000
/NAME/ROYAL CANIN NEDERLAND B./MARF/191265/REMI/SIP25023477/IBAN/
NL11RABO0154634638/BIC/RABONL2U/EREF/INC25015697
:61:2504070407D75,29N249NONREF
:86:/TRTP/SEPA INCASSO BEDRIJVEN DOORLOPEND/CSID/NL29ZZZ160401000000
/NAME/ROYAL CANIN NEDERLAND B./MARF/191265/REMI/SIP25023569/IBAN/
NL11RABO0154634638/BIC/RABONL2U/EREF/INC25015706
:61:2504070407D117,43N249NONREF
:86:/TRTP/SEPA INCASSO BEDRIJVEN DOORLOPEND/CSID/NL29ZZZ160401000000
/NAME/ROYAL CANIN NEDERLAND B./MARF/191265/REMI/SIP25023711/IBAN/
NL11RABO0154634638/BIC/RABONL2U/EREF/INC25015719
:61:2504070407D199,05N249NONREF
:86:/TRTP/SEPA INCASSO BEDRIJVEN DOORLOPEND/CSID/NL29ZZZ160401000000
/NAME/ROYAL CANIN NEDERLAND B./MARF/191265/REMI/SIP25024243/IBAN/
NL11RABO0154634638/BIC/RABONL2U/EREF/INC25015732
:61:2504070407D109,49N249NONREF
:86:/TRTP/SEPA INCASSO BEDRIJVEN DOORLOPEND/CSID/NL29ZZZ160401000000
/NAME/ROYAL CANIN NEDERLAND B./MARF/191265/REMI/SIP25024328/IBAN/
NL11RABO0154634638/BIC/RABONL2U/EREF/INC25015741
:61:2504070407D170,5N249NONREF
:86:/TRTP/SEPA INCASSO BEDRIJVEN DOORLOPEND/CSID/NL29ZZZ160401000000
/NAME/ROYAL CANIN NEDERLAND B./MARF/191265/REMI/SIP25023732/IBAN/
NL11RABO0154634638/BIC/RABONL2U/EREF/INC25015728
:61:2504070407D61,19N249NONREF
:86:/TRTP/SEPA INCASSO BEDRIJVEN DOORLOPEND/CSID/NL29ZZZ160401000000
/NAME/ROYAL CANIN NEDERLAND B./MARF/191265/REMI/SIP25024248/IBAN/
NL11RABO0154634638/BIC/RABONL2U/EREF/INC25015733
:61:2504070407D94,42N249NONREF
:86:/TRTP/SEPA INCASSO BEDRIJVEN DOORLOPEND/CSID/NL29ZZZ160401000000
/NAME/ROYAL CANIN NEDERLAND B./MARF/191265/REMI/SIP25023476/IBAN/
NL11RABO0154634638/BIC/RABONL2U/EREF/INC25015696
:61:2504070407D199,05N249NONREF
:86:/TRTP/SEPA INCASSO BEDRIJVEN DOORLOPEND/CSID/NL29ZZZ160401000000
/NAME/ROYAL CANIN NEDERLAND B./MARF/191265/REMI/SIP25024250/IBAN/
NL11RABO0154634638/BIC/RABONL2U/EREF/INC25015735
:61:2504070407D57,74N249NONREF
:86:/TRTP/SEPA INCASSO BEDRIJVEN DOORLOPEND/CSID/NL29ZZZ160401000000
/NAME/ROYAL CANIN NEDERLAND B./MARF/191265/REMI/SIP25024427/IBAN/
NL11RABO0154634638/BIC/RABONL2U/EREF/INC25015754
:61:2504070407D64,63N249NONREF
:86:/TRTP/SEPA INCASSO BEDRIJVEN DOORLOPEND/CSID/NL29ZZZ160401000000
/NAME/ROYAL CANIN NEDERLAND B./MARF/191265/REMI/SIP25023731/IBAN/
NL11RABO0154634638/BIC/RABONL2U/EREF/INC25015727
:61:2504070407D104,24N249NONREF
:86:/TRTP/SEPA INCASSO BEDRIJVEN DOORLOPEND/CSID/NL29ZZZ160401000000
/NAME/ROYAL CANIN NEDERLAND B./MARF/191265/REMI/SIP25024249/IBAN/
NL11RABO0154634638/BIC/RABONL2U/EREF/INC25015734
:61:2504070407D54,41N249NONREF
:86:/TRTP/SEPA INCASSO BEDRIJVEN DOORLOPEND/CSID/NL29ZZZ160401000000
/NAME/ROYAL CANIN NEDERLAND B./MARF/191265/REMI/SIP25024342/IBAN/
NL11RABO0154634638/BIC/RABONL2U/EREF/INC25015745
:61:2504070407D215,86N249NONREF
:86:/TRTP/SEPA INCASSO BEDRIJVEN DOORLOPEND/CSID/NL29ZZZ160401000000
/NAME/ROYAL CANIN NEDERLAND B./MARF/191265/REMI/SIP25024335/IBAN/
NL11RABO0154634638/BIC/RABONL2U/EREF/INC25015744
:61:2504070407D61,19N249NONREF
:86:/TRTP/SEPA INCASSO BEDRIJVEN DOORLOPEND/CSID/NL29ZZZ160401000000
/NAME/ROYAL CANIN NEDERLAND B./MARF/191265/REMI/SIP25023686/IBAN/
NL11RABO0154634638/BIC/RABONL2U/EREF/INC25015712
:61:2504070407D86,83N249NONREF
:86:/TRTP/SEPA INCASSO BEDRIJVEN DOORLOPEND/CSID/NL29ZZZ160401000000
/NAME/ROYAL CANIN NEDERLAND B./MARF/191265/REMI/SIP25023727/IBAN/
NL11RABO0154634638/BIC/RABONL2U/EREF/INC25015725
:61:2504070407D101,52N249NONREF
:86:/TRTP/SEPA INCASSO BEDRIJVEN DOORLOPEND/CSID/NL29ZZZ160401000000
/NAME/ROYAL CANIN NEDERLAND B./MARF/191265/REMI/SIP25023591/IBAN/
NL11RABO0154634638/BIC/RABONL2U/EREF/INC25015707
:61:2504070407D40,2N249NONREF
:86:/TRTP/SEPA INCASSO BEDRIJVEN DOORLOPEND/CSID/NL29ZZZ160401000000
/NAME/ROYAL CANIN NEDERLAND B./MARF/191265/REMI/SIP25023720/IBAN/
NL11RABO0154634638/BIC/RABONL2U/EREF/INC25015722
:61:2504070407D123,26N249NONREF
:86:/TRTP/SEPA INCASSO BEDRIJVEN DOORLOPEND/CSID/NL29ZZZ160401000000
/NAME/ROYAL CANIN NEDERLAND B./MARF/191265/REMI/SIP25023505/IBAN/
NL11RABO0154634638/BIC/RABONL2U/EREF/INC25015704
:61:2504070407D113,45N249NONREF
:86:/TRTP/SEPA INCASSO BEDRIJVEN DOORLOPEND/CSID/NL29ZZZ160401000000
/NAME/ROYAL CANIN NEDERLAND B./MARF/191265/REMI/SIP25023696/IBAN/
NL11RABO0154634638/BIC/RABONL2U/EREF/INC25015715
:61:2504070407D199,05N249NONREF
:86:/TRTP/SEPA INCASSO BEDRIJVEN DOORLOPEND/CSID/NL29ZZZ160401000000
/NAME/ROYAL CANIN NEDERLAND B./MARF/191265/REMI/SIP25024323/IBAN/
NL11RABO0154634638/BIC/RABONL2U/EREF/INC25015738
:61:2504070407D123,26N249NONREF
:86:/TRTP/SEPA INCASSO BEDRIJVEN DOORLOPEND/CSID/NL29ZZZ160401000000
/NAME/ROYAL CANIN NEDERLAND B./MARF/191265/REMI/SIP25023689/IBAN/
NL11RABO0154634638/BIC/RABONL2U/EREF/INC25015713
:61:2504070407D51,57N249NONREF
:86:/TRTP/SEPA INCASSO BEDRIJVEN DOORLOPEND/CSID/NL29ZZZ160401000000
/NAME/ROYAL CANIN NEDERLAND B./MARF/191265/REMI/SIP25023680/IBAN/
NL11RABO0154634638/BIC/RABONL2U/EREF/INC25015710
:61:2504070407D63,92N249NONREF
:86:/TRTP/SEPA INCASSO BEDRIJVEN DOORLOPEND/CSID/NL29ZZZ160401000000
/NAME/ROYAL CANIN NEDERLAND B./MARF/191265/REMI/SIP25023506/IBAN/
NL11RABO0154634638/BIC/RABONL2U/EREF/INC25015705
:61:2504070407D199,05N249NONREF
:86:/TRTP/SEPA INCASSO BEDRIJVEN DOORLOPEND/CSID/NL29ZZZ160401000000
/NAME/ROYAL CANIN NEDERLAND B./MARF/191265/REMI/SIP25023730/IBAN/
NL11RABO0154634638/BIC/RABONL2U/EREF/INC25015726
:61:2504070407D62,82N249NONREF
:86:/TRTP/SEPA INCASSO BEDRIJVEN DOORLOPEND/CSID/NL29ZZZ160401000000
/NAME/ROYAL CANIN NEDERLAND B./MARF/191265/REMI/SIP25023734/IBAN/
NL11RABO0154634638/BIC/RABONL2U/EREF/INC25015729
:61:2504070407D65,39N249NONREF
:86:/TRTP/SEPA INCASSO BEDRIJVEN DOORLOPEND/CSID/NL29ZZZ160401000000
/NAME/ROYAL CANIN NEDERLAND B./MARF/191265/REMI/SIP25024332/IBAN/
NL11RABO0154634638/BIC/RABONL2U/EREF/INC25015743
:62M:C250407EUR22023,02
-
ABNANL2A
940
ABNANL2A
:20:ABN AMRO BANK NV
:25:438661141
:28:9701/2
:60M:C250407EUR22023,02
:61:2504070407D36,11N249NONREF
:86:/TRTP/SEPA INCASSO BEDRIJVEN DOORLOPEND/CSID/NL29ZZZ160401000000
/NAME/ROYAL CANIN NEDERLAND B./MARF/191265/REMI/SIP25024383/IBAN/
NL11RABO0154634638/BIC/RABONL2U/EREF/INC25015751
:61:2504070407D32,86N249NONREF
:86:/TRTP/SEPA INCASSO BEDRIJVEN DOORLOPEND/CSID/NL29ZZZ160401000000
/NAME/ROYAL CANIN NEDERLAND B./MARF/191265/REMI/SIP25023708/IBAN/
NL11RABO0154634638/BIC/RABONL2U/EREF/INC25015718
:61:2504070407D72,33N249NONREF
:86:/TRTP/SEPA INCASSO BEDRIJVEN DOORLOPEND/CSID/NL29ZZZ160401000000
/NAME/ROYAL CANIN NEDERLAND B./MARF/191265/REMI/SIP25023706/IBAN/
NL11RABO0154634638/BIC/RABONL2U/EREF/INC25015717
:61:2504070407D199,05N249NONREF
:86:/TRTP/SEPA INCASSO BEDRIJVEN DOORLOPEND/CSID/NL29ZZZ160401000000
/NAME/ROYAL CANIN NEDERLAND B./MARF/191265/REMI/SIP25023681/IBAN/
NL11RABO0154634638/BIC/RABONL2U/EREF/INC25015711
:61:2504070407D199,05N249NONREF
:86:/TRTP/SEPA INCASSO BEDRIJVEN DOORLOPEND/CSID/NL29ZZZ160401000000
/NAME/ROYAL CANIN NEDERLAND B./MARF/191265/REMI/SIP25024429/IBAN/
NL11RABO0154634638/BIC/RABONL2U/EREF/INC25015755
:61:2504070407D94,42N249NONREF
:86:/TRTP/SEPA INCASSO BEDRIJVEN DOORLOPEND/CSID/NL29ZZZ160401000000
/NAME/ROYAL CANIN NEDERLAND B./MARF/191265/REMI/SIP25023716/IBAN/
NL11RABO0154634638/BIC/RABONL2U/EREF/INC25015720
:61:2504070407D171,58N249NONREF
:86:/TRTP/SEPA INCASSO BEDRIJVEN DOORLOPEND/CSID/NL29ZZZ160401000000
/NAME/ROYAL CANIN NEDERLAND B./MARF/191265/REMI/SIP25023726/IBAN/
NL11RABO0154634638/BIC/RABONL2U/EREF/INC25015724
:61:2504070407D32,32N249NONREF
:86:/TRTP/SEPA INCASSO BEDRIJVEN DOORLOPEND/CSID/NL29ZZZ160401000000
/NAME/ROYAL CANIN NEDERLAND B./MARF/191265/REMI/SIP25024329/IBAN/
NL11RABO0154634638/BIC/RABONL2U/EREF/INC25015742
:61:2504070407D35,31N249NONREF
:86:/TRTP/SEPA INCASSO BEDRIJVEN DOORLOPEND/CSID/NL29ZZZ160401000000
/NAME/ROYAL CANIN NEDERLAND B./MARF/191265/REMI/SIP25023736/IBAN/
NL11RABO0154634638/BIC/RABONL2U/EREF/INC25015730
:61:2504070407D93,65N249NONREF
:86:/TRTP/SEPA INCASSO BEDRIJVEN DOORLOPEND/CSID/NL29ZZZ160401000000
/NAME/ROYAL CANIN NEDERLAND B./MARF/191265/REMI/SIP25023717/IBAN/
NL11RABO0154634638/BIC/RABONL2U/EREF/INC25015721
:61:2504070407D63,92N249NONREF
:86:/TRTP/SEPA INCASSO BEDRIJVEN DOORLOPEND/CSID/NL29ZZZ160401000000
/NAME/ROYAL CANIN NEDERLAND B./MARF/191265/REMI/SIP25024406/IBAN/
NL11RABO0154634638/BIC/RABONL2U/EREF/INC25015752
:61:2504070407D91,59N249NONREF
:86:/TRTP/SEPA INCASSO BEDRIJVEN DOORLOPEND/CSID/NL29ZZZ160401000000
/NAME/ROYAL CANIN NEDERLAND B./MARF/191265/REMI/SIP25023481/IBAN/
NL11RABO0154634638/BIC/RABONL2U/EREF/INC25015701
:61:2504070407D265,69N249NONREF
:86:/TRTP/SEPA INCASSO BEDRIJVEN DOORLOPEND/CSID/NL29ZZZ160401000000
/NAME/ROYAL CANIN NEDERLAND B./MARF/191265/REMI/SIP25023691/IBAN/
NL11RABO0154634638/BIC/RABONL2U/EREF/INC25015714
:61:2504070407D210,54N249NONREF
:86:/TRTP/SEPA INCASSO BEDRIJVEN DOORLOPEND/CSID/NL29ZZZ160401000000
/NAME/ROYAL CANIN NEDERLAND B./MARF/191265/REMI/SIP25023678/IBAN/
NL11RABO0154634638/BIC/RABONL2U/EREF/INC25015709
:61:2504070407D199,05N249NONREF
:86:/TRTP/SEPA INCASSO BEDRIJVEN DOORLOPEND/CSID/NL29ZZZ160401000000
/NAME/ROYAL CANIN NEDERLAND B./MARF/191265/REMI/SIP25023472/IBAN/
NL11RABO0154634638/BIC/RABONL2U/EREF/INC25015693
:61:2504070407D158,34N249NONREF
:86:/TRTP/SEPA INCASSO BEDRIJVEN DOORLOPEND/CSID/NL29ZZZ160401000000
/NAME/ROYAL CANIN NEDERLAND B./MARF/191265/REMI/SIP25024252/IBAN/
NL11RABO0154634638/BIC/RABONL2U/EREF/INC25015737
:61:2504070407D199,05N249NONREF
:86:/TRTP/SEPA INCASSO BEDRIJVEN DOORLOPEND/CSID/NL29ZZZ160401000000
/NAME/ROYAL CANIN NEDERLAND B./MARF/191265/REMI/SIP25023478/IBAN/
NL11RABO0154634638/BIC/RABONL2U/EREF/INC25015698
:61:2504070407D39,46N249NONREF
:86:/TRTP/SEPA INCASSO BEDRIJVEN DOORLOPEND/CSID/NL29ZZZ160401000000
/NAME/ROYAL CANIN NEDERLAND B./MARF/191265/REMI/SIP25024325/IBAN/
NL11RABO0154634638/BIC/RABONL2U/EREF/INC25015739
:61:2504070407D199,05N249NONREF
:86:/TRTP/SEPA INCASSO BEDRIJVEN DOORLOPEND/CSID/NL29ZZZ160401000000
/NAME/ROYAL CANIN NEDERLAND B./MARF/191265/REMI/SIP25024410/IBAN/
NL11RABO0154634638/BIC/RABONL2U/EREF/INC25015753
:61:2504070407D154,94N249NONREF
:86:/TRTP/SEPA INCASSO BEDRIJVEN DOORLOPEND/CSID/NL29ZZZ160401000000
/NAME/ROYAL CANIN NEDERLAND B./MARF/191265/REMI/SIP25023479/IBAN/
NL11RABO0154634638/BIC/RABONL2U/EREF/INC25015699
:61:2504070407D56,7N249NONREF
:86:/TRTP/SEPA INCASSO BEDRIJVEN DOORLOPEND/CSID/NL29ZZZ160401000000
/NAME/ROYAL CANIN NEDERLAND B./MARF/191265/REMI/SIP25024346/IBAN/
NL11RABO0154634638/BIC/RABONL2U/EREF/INC25015747
:61:2504070407D148,55N249NONREF
:86:/TRTP/SEPA INCASSO BEDRIJVEN DOORLOPEND/CSID/NL29ZZZ160401000000
/NAME/ROYAL CANIN NEDERLAND B./MARF/191265/REMI/SIP25023703/IBAN/
NL11RABO0154634638/BIC/RABONL2U/EREF/INC25015716
:61:2504070407D80,28N249NONREF
:86:/TRTP/SEPA INCASSO BEDRIJVEN DOORLOPEND/CSID/NL29ZZZ160401000000
/NAME/ROYAL CANIN NEDERLAND B./MARF/191265/REMI/SIP25024377/IBAN/
NL11RABO0154634638/BIC/RABONL2U/EREF/INC25015750
:61:2504070407C26,75N654NONREF
:86:/TRTP/SEPA OVERBOEKING/IBAN/NL36RABO0308921224/BIC/RABONL2U/NAME/
H.C. KOUWENBERG/REMI/2025.8156:DS204805/EREF/66AE46D0FA864E7D9078
EE6C9C8D01BE
:61:2504070407C48,45N654NONREF
:86:/TRTP/SEPA OVERBOEKING/IBAN/NL36RABO0308921224/BIC/RABONL2U/NAME/
H.C. KOUWENBERG/REMI/2025.8735:DS204805/EREF/CEE56BB790DB4334B057
AE17EE46C7A3
:61:2504070407C22,5N654NONREF
:86:/TRTP/SEPA OVERBOEKING/IBAN/NL36RABO0308921224/BIC/RABONL2U/NAME/
H.C. KOUWENBERG/REMI/2025.8345:DS204805/EREF/966AFFFC5F864B909E40
709376C00734
:61:2504070407C46,55N654NONREF
:86:/TRTP/SEPA OVERBOEKING/IBAN/NL11RABO0154634638/BIC/RABONL2U/NAME/
ROYAL CANIN NEDERLAND B./REMI/SCRP2502482/EREF/INC25016489
:61:2504070407C20000,N658NONREF
:86:SEPA OVERBOEKING                 IBAN: NL69ABNA0537950648
BIC: ABNANL2A                    NAAM: PETTERGOODS
:61:2504070407D15823,85N658NONREF
:86:/TRTP/SEPA OVERBOEKING/IBAN/NL55RABO0365549967/BIC/RABONL2U/NAME/
CITYSTONE PROJECTEN BV/REMI/2570010/EREF/NOTPROVIDED
:61:2504070407C1000,N658NONREF
:86:SEPA OVERBOEKING                 IBAN: NL69ABNA0537950648
BIC: ABNANL2A                    NAAM: PETTERGOODS
:62F:C250407EUR24509,58
-
